@article{alexander2023,
    author = {Alexander, L. C. and Ovide, O. and Duffett, O. C. and Lewis, A. D. and Buzzini, P. and Curran, J. and Trejos, T.},
    title = {The random presence of glass and paint on the clothing and footwear of members of the general population: A US baseline survey at various seasons},
    journal = {Journal of Forensic Sciences},
    volume = {68},
    number = {3},
    pages = {790--806},
    year = {2023}
}



@book{chacon2018,
author = {J. E. Chac\'{on} and T. Duong},
title = {Multivariate Kernel Density Estimation and Its Applications},
publisher = {CRC Press},
city = {Boca Raton, FL.},
year = {2018}
}

@article{cook1998,
	author = {Cook, R. and Evett, I. W. and Jackson, G. and Jones, P. J. and Lambert, J. A.},
	title = {A hierarchy of propositions: Deciding which level to address in casework},
	year = {1998},
	volume = {38},
	number = {4},
	pages = {231--239},
	journal = {Science \& Justice}
}

@article{coulson2001,
author = {Coulson, S. A. and Buckleton, J. S. and Gummer, A. B. and Triggs, C. M.},
journal = {Science \& Justice},
number = {1},
pages = {39--48},
title = {{Glass on clothing and shoes of members of the general population and people suspected of breaking crimes}},
volume = {41},
year = {2001}
}

@article{curran1998,
    author = {Curran, J. M. and Triggs, C. M. and Buckleton, J. S. and Walsh, K. and Hicks, T.},
    title = {Assessing transfer probabilities in a Bayesian interpretation of forensic glass evidence},
    journal = {Science \& Justice},
    year = {1998},
    voulume = {38},
    number = {1},
    pages = {15--21}
}


@book{curran2001,
    author = {Curran, J. M. and Hicks Champod, T. N. and Buckleton, J. S.},
    title = {Forensic Interpretation of Glass Evidence},
    year = {2000},
    edition = {$1^\mathrm{st}$},
    publisher = {CRC Press},
    city = {Boca Raton, FL.},
    doi = {https://doi.org/10.1201/9781420042436}
}

@inbook{curran2020,
    author = {Curran, J. M. and Hicks, T. and Trejos, T.},
    booktitle = {Handbook of Trace Evidence Analysis},
    pages = {377--420},
    publisher = {John Wiley \& Sons, Ltd.},
    title = {Interpretation of Glass Evidence},
    year = {2020},
    chapter = {6}
}

@Manual{curran2023,
    title = {fitPS: Fit Zeta Distributions to Forensic Data},
    author = {Curran, J. M.},
    year = {2023},
    note = {R package version 0.2-6},
    url = {https://CRAN.R-project.org/package=fitPS},
}

@article{davis1977,
    author = {R. J. Davis and J. D. DeHaan},
    title = {A survey of men's footwear},
    journal = {Journal of the Forensic Science Society},
    volume = {17},
    number = {4},
    pages = {271--285},
    year = {1977}
}

@article{efron1979,
    author = {B. Efron},
    title = {Bootstrap Methods: Another Look at the Jackknife},
    volume = {7},
    journal = {The Annals of Statistics},
    number = {1},
    pages = {1--26},
    year = {1979}
}

@article{efron1987,
 author = {B. Efron},
 journal = {Journal of the American Statistical Association},
 number = {397},
 pages = {171--185},
 title = {Better Bootstrap Confidence Intervals},
 volume = {82},
 year = {1987}
}

@book{efron1993,
	address = {New York, NY.},
	edition = {$1^\mathrm{st}$},
	title = {An Introduction to the Bootstrap},
	publisher = {Chapman and Hall/CRC},
	author = {Efron, B. and Tibshirani, R. J. and Cox, D. R. and Reid, N. and Isham, V. and Louis, T. A. and Tong, H. and Keiding, N.},
	year = {1993},
}



@article{evett1990,
    author = {Evett, I. W. and Buckleton, J. S.},
    journal = {Journal of the Forensic Science Society},
    pages = {215--223},
    title = {{The Interpretation of Glass Evidence---A Practical Approach}},
    volume = {30},
    year = {1990}
}

@book{evett1998,
    author = {Evett, I. W. and Weir, B. S.},
    title = {Interpreting {DNA} evidence: statistical genetics for forensic scientists},
    publisher = {Sinauer Associates Inc.},
    year = {1998}
}

@article{fischer2011,
    author = {Fischer, S. M. and Lewis, M. A.},
	journal = {Statistics and Computing},
	number = {4},
	pages = {38},
	title = {A robust and efficient algorithm to find profile likelihood confidence intervals},
	url = {https://doi.org/10.1007/s11222-021-10012-y},
	volume = {31},
	year = {2021}
}


@Article{harrison1985,
   author = {P. H. Harrison and J. A. Lambert and J. A. Zoro},
  title = 	 {A survey of glass fragments recovered from clothing of persons suspected of involvement in crime},
  journal = 	 {Forensic Science International},
  year = 	 1985,
  volume = 	 27,
  pages = 	 {171--187}
}


@article{hall1987,
author = {Hall, P.},
year = {1987},
title = {On the bootstrap and likelihood-based confidence regions},
journal = {Biometrika},
volume = {74},
pages = {481--493}
}

@article{hyndman1996,
author = {Hyndman, R. J.},
title = {Computing and Graphing Highest Density Regions},
journal ={The American Statistician},
year = {1996},
volume = {50},
pages = {120--126}
}

@Article{jackson2013,
  title = {A survey of glass found on the headwear and head hair of a random population vs. people working with glass},
  journal = {Forensic Science International},
  volume = {226},
  number = {1},
  pages = {125--131},
  year = {2013},
  doi = {https://doi.org/10.1016/j.forsciint.2012.12.017},
  author = {F. Jackson and P. { Maynard} and K. Cavanagh-Steer and T. Dusting and C. Roux},
}

@article{lambert1995,
   author = {J. A. Lambert and M. J. Satterthwaite and P. H. Harrison},
   title = {A survey of glass fragments recovered from clothing of persons suspected of involvement in crime},
   journal = {Science \& Justice},
   volume = {35},
   pages = {273--281},
   year = {1995}
}

@Article{lau1997,
  author = {L. Lau and A. D. Beveridge and B. C. Callowhill and N. Conners and K. Foster and R. J. Groves and K. N. Ohashi and A. M. Sumner and H. Wong},
  title = {The Frequency of Occurrence of Paint and Glass on the Clothing of High School Students},
  journal = {Canadian Society of Forensic Science Journal},
  volume = {30},
  number = {4},
  pages = {233--240},
  year = {1997},
  doi = {10.1080/00085030.1997.10757103},
}

@article{lewis2023,
    title = {A study on the occurrence of glass and paint across various cities in the {United States---Part I}: Background presence of glass in the general population},
    journal = {Forensic Chemistry},
    volume = {34},
    pages = {100497},
    year = {2023},
    doi = {https://doi.org/10.1016/j.forc.2023.100497},
    author = {A. D. Lewis and L. C. Alexander and O. Ovide and O. Duffett and J. Curran and P. Buzzini and T. Trejos},
}

@book{mccullagh2019,
author = {McCullagh, P. and Nelder, J. A.},
address = {Boca Raton, FL},
edition = {Second edition.},
publisher = {Taylor and Francis, an imprint of Routledge},
title = {Generalized Linear Models },
year = {2019},
}

@article{mcquillan1992,
   author = {J. Mc{Q}uillan and K. A . Edgar},
   title = {Survey of the distribution of glass on clothing},
   journal = {Journal of the Forensic Science Society},
   volume = {32},
   pages = {333--348},
   year = {1992}
}

@book{millar2011,
    author = {Millar, R. B.},
    title = {Maximum likelihood Estimation and Inference},
    publisher = {John Wiley \& Sons Ltd.},
    year = {2011},
    city = {Chichester, United Kingdom}
}


@article{nelder1972,
 author = {J. A. Nelder and R. W. M. Wedderburn},
 journal = {Journal of the Royal Statistical Society. Series A (General)},
 number = {3},
 pages = {370--384},
 title = {Generalized Linear Models},
 volume = {135},
 year = {1972}
}

@article{pearson1971,
   author = {E. F. Pearson and R. W.  May and M. D. G. Dabbs},
   title = {Glass and paint fragments found in men's outer clothing},
   journal = {Journal of Forensic Sciences},
   volume = {16},
   pages = {283--300},
   year = {1971}
}

@inproceedings{petterd1998,
    author = {Petterd, C. and McCallum, I. and Bradford, L. and Brinch, K. and Stewart, S.},
    title = {Glass particles in the clothing of the general population in Canberra-a survey},
    booktitle = {Proceedings of the 14th International Symposium on the Forensic Sciences},
    year = {1998}
}



@Manual{R2023,
    title = {R: A Language and Environment for Statistical Computing},
    author = {{R Core Team}},
    organization = {R Foundation for Statistical Computing},
    address = {Vienna, Austria},
    year = {2023},
    url = {https://www.R-project.org/},
}

@inproceedings{ross1998,
    author = {Ross, P. and Nguyen, H.},
    title = {A survey of clothing for the presence of glass fragments},
    booktitle = {Proceedings of the 14th International Symposium on the Forensic Sciences},
    year = {1998}
}

@incollection{rubin1988,
 author = {Rubin, D. B.},
 year = {1988},
 title = {Using the {SIR} Algorithm to Simulate Posterior Distributions},
 booktitle = {Bayesian Statistics 3},
 editors = {J. M. Bernardo, M. H. DeGroot, D. V. Lindley, and A. F. M. Smith},
 city = {Cambridge, MA},
 publisher = {Oxford University Press},
 pages = {395-402}
}

@article{smith1992,
title = {Bayesian Statistics without Tears: A Sampling-Resampling Perspective},
author = {A. F. M. Smith and A. E. Gelfand},
journal = {The American Statistician},
year = {1992},
volume = {46},
number = {2},
pages = {84--88}
}

@article{stigler2007,
author = {S. M. Stigler},
title = {The Epic Story of Maximum Likelihood},
volume = {22},
journal = {Statistical Science},
number = {4},
pages = {598--620},
year = {2007},
doi = {https://doi.org/10.1214/07-STS249}
}


@misc{wiki:logarithmic-dist,
   author = {Wikipedia contributors},
   title = {Logarithmic distribution},
   year = {2023},
   url = {https://en.wikipedia.org/wiki/Logarithmic_distribution},
   note = {[Online; accessed 19-January-2023]}
 }

@misc{wiki:mle,
   author = {Wikipedia contributors},
   title = {Maximum likelihood esitmation},
   year = {2023},
   url = {https://en.wikipedia.org/wiki/Maximum_likelihood_estimation},
   note = {[Online; accessed 19-January-2023]}
 }

@misc{wiki:lrt,
    author = {Wikipedia contributors},
    title = {Likelihood-ratio test},
    year = {2024},
    url = {https://en.wikipedia.org/wiki/Likelihood-ratio_test},
    note = {[Online; accessed 8-January-2024]}
}

@misc{wiki:riemann-zeta,
   author = {Wikipedia contributors},
   title = {The {Riemann} zeta function},
   year = {2023},
   url = {https://en.wikipedia.org/wiki/Riemann_zeta_function},
   note = {[Online; accessed 19-January-2023]}
 }

 @Article{roux2001,
  title = {Glass particles in footwear of members of the public in south-eastern Australia---a survey},
  journal = {Forensic Science International},
  volume = {116},
  number = {2},
  pages = {149--156},
  year = {2001},
  doi = {https://doi.org/10.1016/S0379-0738(00)00355-8},
  author = {C. Roux and R. Kirk and S. Benson and T. {Van Haren} and C. I. Petterd},
}

@misc{wiki:s-plus,
   author = {Wikipedia contributors},
   title = {{S-PLUS}},
   year = {2023},
   url = {https://en.wikipedia.org/wiki/S-PLUS},
   note = {[Online; accessed 24-March-2023]}
 }

 @Book{yee2015,
    title = {Vector Generalized Linear and Additive Models: With an Implementation in R},
    author = {T. W. Yee},
    year = {2015},
    publisher = {Springer},
    address = {New York, USA},
}

 @Manual{yee2022,
    title = {{VGAM}: Vector Generalized Linear and Additive Models},
    author = {T. W. Yee},
    year = {2022},
    note = {R package version 1.1-7},
    url = {https://CRAN.R-project.org/package=VGAM},
}

@article{wald1943,
 author = {A. Wald},
 journal = {Transactions of the American Mathematical Society},
 number = {3},
 pages = {426--482},
 title = {Tests of Statistical Hypotheses Concerning Several Parameters When the Number of Observations is Large},
 volume = {54},
 year = {1943}
}

@article{walsh1996,
    author = {Walsh, K. A. J. and Buckleton, J. S. and Triggs, C. M.},
    title = {A practical example of the interpretation of glass evidence},
    journal = {Science \& Justice},
    year = {1996},
    volume = {36},
    number = {4},
    pages = {213--218}
}
