@Article{coulson2001,
    title = {Glass on clothing and shoes of members of the general population and people suspected of breaking crimes},
    journal = {Science & Justice},
    volume = {41},
    number = {1},
    pages = {39--48},
    year = {20011},
    doi = {https://doi.org/10.1016/S1355-0306(01)71847-3},
    author = {S. A. Coulson and J. S. Buckleton and A. B. Gummer and C. M. Triggs}
}

@Article{jackson2013,
  title = {A survey of glass found on the headwear and head hair of a random population vs. people working with glass},
  journal = {Forensic Science International},
  volume = {226},
  number = {1},
  pages = {125--131},
  year = {2013},
  doi = {https://doi.org/10.1016/j.forsciint.2012.12.017},
  author = {F. Jackson and P. { Maynard} and K. Cavanagh-Steer and T. Dusting and C. Roux},
}

@Article{lau1997,
  author = {L. Lau and A. D. Beveridge and B. C. Callowhill and N. Conners and K. Foster and R. J. Groves and K. N. Ohashi and A. M. Sumner and H. Wong},
  title = {The Frequency of Occurrence of Paint and Glass on the Clothing of High School Students},
  journal = {Canadian Society of Forensic Science Journal},
  volume = {30},
  number = {4},
  pages = {233-240},
  year = {1997},
  doi = {10.1080/00085030.1997.10757103},
}

@InProceedings{petterd1998,
  author = {C. I. Petterd and I. McCallum and L. Bradford and K. Brinch and S. Stewart},
  year = {1998},
  title = {Glass particles in the clothing of the general population in Canberra---a survey},
  booktitle = {Proceedings of the 14th International Symposium on the Forensic Sciences},
  date = {12--16 October 1998},
  city = {Adelaide, South Australia},
  publisher = {Australian and New Zealand Forensic Science Society},
}

@InProceedings{ross1998,
  author = {P. Ross and H. Nguyen},
  year = {1998},
  title = {A survey of clothing for the presence of glass fragments},
  booktitle = {Proceedings of the 14th International Symposium on the Forensic Sciences},
  date = {12--16 October 1998},
  city = {Adelaide, South Australia},
  publisher = {Australian and New Zealand Forensic Science Society},
}

@Article{roux2001,
  title = {Glass particles in footwear of members of the public in south-eastern Australia---a survey},
  journal = {Forensic Science International},
  volume = {116},
  number = {2},
  pages = {149--156},
  year = {2001},
  doi = {https://doi.org/10.1016/S0379-0738(00)00355-8},
  author = {C. Roux and R. Kirk and S. Benson and T. {Van Haren} and C.I. Petterd},
}
